<?xml version="1.0" encoding="UTF-8"?><collection xmlns="http://www.loc.gov/MARC21/slim"><record><leader>00384nam--2200133-i-4500</leader><controlfield tag="001">000040718</controlfield><controlfield tag="002">20161230</controlfield><controlfield tag="005">20161230201042</controlfield><controlfield tag="008">060222s1000------------r-----000-0-eng-d</controlfield><datafield ind1=" " ind2=" " tag="080"><subfield code="a">621.374.3(043)</subfield></datafield><datafield ind1=" " ind2=" " tag="100"><subfield code="a">Schueli,Alexander Alfred</subfield></datafield><datafield ind1=" " ind2=" " tag="245"><subfield code="a">Schnelle parallel-datenubertragung mit zeibegrenzten impulsen</subfield></datafield><datafield ind1=" " ind2=" " tag="260"><subfield code="a">Zurich, Juris Druck+verlag Zurich, 1973. 168 P</subfield></datafield><datafield ind1=" " ind2=" " tag="852"><subfield code="a">43449</subfield></datafield></record></collection>